<collection xmlns="http://www.loc.gov/MARC21/slim">
<record>
  <leader>01685nam0a2200277 i 450 </leader>
  <controlfield tag="001">IT\ICCU\CNCE\077651</controlfield>
  <controlfield tag="005">20121002000000.0</controlfield>
  <datafield tag="012" ind1=" " ind2=" ">
    <subfield code="a">o.6. m:e- s.s. Vtpe (C) 1586 (A)</subfield>
    <subfield code="2">fei</subfield>
  </datafield>
  <datafield tag="100" ind1=" " ind2=" ">
    <subfield code="a">20121002d1586        0itac0103    ba</subfield>
  </datafield>
  <datafield tag="101" ind1=" " ind2=" ">
    <subfield code="a">ITA</subfield>
  </datafield>
  <datafield tag="102" ind1=" " ind2=" ">
    <subfield code="a">IT</subfield>
  </datafield>
  <datafield tag="200" ind1="1" ind2=" ">
    <subfield code="a">Officio, letanie, capitoli, et indulgentie della Compagnia del Santissimo nome di Dio. Ordinata per il r.p.m. Paulino da Lucca dell&apos;Ordine de predicatori. ragunatoui di nuouo dell&apos;abomineuole vitio della bestemmia, maledittioni, spergiuro, &amp; giuramento. Da f. Geronimo Celentano di Sanseuerino, dell&apos;istesso ordine</subfield>
  </datafield>
  <datafield tag="210" ind1=" " ind2=" ">
    <subfield code="e">Impress. Neap.</subfield>
    <subfield code="g">apud haeredes Matthiae Cancer</subfield>
    <subfield code="g">si vendono alla libraria di Pier Tomaso di Maria</subfield>
    <subfield code="h">al segno della Vittoria</subfield>
    <subfield code="h">1586</subfield>
  </datafield>
  <datafield tag="215" ind1=" " ind2=" ">
    <subfield code="a">\72! c.</subfield>
    <subfield code="c">ill.</subfield>
    <subfield code="d">12ʻ</subfield>
  </datafield>
  <datafield tag="300" ind1=" " ind2=" ">
    <subfield code="a">A c. D5 altro front.: Origine, capitoli, dichiarazioni, indulgentie, et orationi, della Compagnia del Santissimo rosario ...</subfield>
  </datafield>
  <datafield tag="620" ind1=" " ind2=" ">
    <subfield code="a">IT</subfield>
    <subfield code="d">Napoli</subfield>
  </datafield>
  <datafield tag="710" ind1="0" ind2="2">
    <subfield code="a">Confraternita del SS. Nome di Dio</subfield>
    <subfield code="c"> &lt;Napoli&gt;</subfield>
    <subfield code="3">3928</subfield>
  </datafield>
  <datafield tag="712" ind1="0" ind2="2">
    <subfield code="a">Confraternita del SS. Rosario</subfield>
    <subfield code="c"> &lt;Napoli&gt;</subfield>
    <subfield code="3">IT\ICCU\CNCT\003945</subfield>
  </datafield>
  <datafield tag="712" ind1="0" ind2="0">
    <subfield code="a">Cancer, Mattia - eredi</subfield>
    <subfield code="3">IT\ICCU\CNCT\000674</subfield>
    <subfield code="4">650</subfield>
  </datafield>
  <datafield tag="712" ind1="0" ind2="0">
    <subfield code="a">De_Maria, Pietro Tommaso</subfield>
    <subfield code="3">IT\ICCU\CNCT\001782</subfield>
    <subfield code="4">650</subfield>
  </datafield>
  <datafield tag="791" ind1="0" ind2="2">
    <subfield code="a">Compagnia del Psalterio</subfield>
    <subfield code="c"> &lt;Napoli&gt;</subfield>
    <subfield code="3">IT\ICCU\CNCT\003946</subfield>
    <subfield code="z">Confraternita del SS. Rosario &lt;Napoli&gt;</subfield>
  </datafield>
  <datafield tag="791" ind1="0" ind2="2">
    <subfield code="a">Confraternita del Psalterio</subfield>
    <subfield code="c"> &lt;Napoli&gt;</subfield>
    <subfield code="3">IT\ICCU\CNCT\003947</subfield>
    <subfield code="z">Confraternita del SS. Rosario &lt;Napoli&gt;</subfield>
  </datafield>
  <datafield tag="791" ind1="0" ind2="0">
    <subfield code="a">Maria, Pier Tomaso di</subfield>
    <subfield code="3">IT\ICCU\CNCT\003764</subfield>
    <subfield code="z">De_Maria, Pietro Tommaso</subfield>
  </datafield>
  <datafield tag="791" ind1="0" ind2="0">
    <subfield code="a">Di_Maria, Pier Tomaso</subfield>
    <subfield code="3">IT\ICCU\CNCT\004607</subfield>
    <subfield code="z">De_Maria, Pietro Tommaso</subfield>
  </datafield>
  <datafield tag="801" ind1=" " ind2="3">
    <subfield code="a">IT</subfield>
    <subfield code="b">ICCU</subfield>
    <subfield code="c">20201115</subfield>
  </datafield>
  <datafield tag="899" ind1=" " ind2=" ">
    <subfield code="a">Biblioteca universitaria. Napoli</subfield>
    <subfield code="1">NA0070</subfield>
    <subfield code="2">NAP BU</subfield>
  </datafield>
</record>
</collection>
